<record xmlns="http://www.loc.gov/MARC21/slim">
   <leader>03996nam a2200409 i 4500</leader>
   <controlfield tag="001">6748933</controlfield>
   <controlfield tag="003">FlBoTFG</controlfield>
   <controlfield tag="005">20141121161956.0</controlfield>
   <controlfield tag="006">m|||||o||d||||||||</controlfield>
   <controlfield tag="007">cr||||</controlfield>
   <controlfield tag="008">141121t20152015fluad   ob    001 0 eng d</controlfield>
   <datafield ind1=" " ind2=" " tag="020">
      <subfield code="a">9781466584525 (e-book : PDF)</subfield>
   </datafield>
   <datafield ind1=" " ind2=" " tag="035">
      <subfield code="a">ocn896849824</subfield>
   </datafield>
   <datafield ind1=" " ind2=" " tag="039">
      <subfield code="a">exclude</subfield>
   </datafield>
   <datafield ind1=" " ind2=" " tag="040">
      <subfield code="a">FlBoTFG</subfield>
      <subfield code="b">eng</subfield>
      <subfield code="c">FlBoTFG</subfield>
      <subfield code="e">rda</subfield>
      <subfield code="d">AEU</subfield>
   </datafield>
   <datafield ind1=" " ind2="4" tag="050">
      <subfield code="a">QA166</subfield>
      <subfield code="b">.Q36 2015</subfield>
   </datafield>
   <datafield ind1=" " ind2=" " tag="090">
      <subfield code="a">Internet Access</subfield>
      <subfield code="b">AEU</subfield>
   </datafield>
   <datafield ind1="0" ind2="0" tag="245">
      <subfield code="a">Quantitative graph theory :</subfield>
      <subfield code="b">mathematical foundations and applications /</subfield>
      <subfield code="c">edited by Matthias Dehmer, Institute for Theoretical Computer Science, Mathematics and Operations Research, Department of Computer Science, Universität der Bundeswehr München, Neubiberg-München, Germany; Frank Emmert-Streib, Computational Biology and Machine Learning Laboratory, Center for Cancer Research and Cell Biology, School of Medicine, Dentistry and Biomedical Sciences, Faculty of Medicine, Health and Life Sciences, Queen's University, Belfast, Belfast, UK.</subfield>
   </datafield>
   <datafield ind1=" " ind2="1" tag="264">
      <subfield code="a">Boca Raton :</subfield>
      <subfield code="b">CRC Press,</subfield>
      <subfield code="c">[2015]</subfield>
   </datafield>
   <datafield ind1=" " ind2="4" tag="264">
      <subfield code="c">©2015</subfield>
   </datafield>
   <datafield ind1=" " ind2=" " tag="300">
      <subfield code="a">1 online resource.</subfield>
   </datafield>
   <datafield ind1=" " ind2=" " tag="336">
      <subfield code="a">text</subfield>
      <subfield code="2">rdacontent</subfield>
   </datafield>
   <datafield ind1=" " ind2=" " tag="337">
      <subfield code="a">computer</subfield>
      <subfield code="2">rdamedia</subfield>
   </datafield>
   <datafield ind1=" " ind2=" " tag="338">
      <subfield code="a">online resource</subfield>
      <subfield code="2">rdacarrier</subfield>
   </datafield>
   <datafield ind1="1" ind2=" " tag="490">
      <subfield code="a">Discrete mathematics and its applications</subfield>
   </datafield>
   <datafield ind1=" " ind2=" " tag="504">
      <subfield code="a">Includes bibliographical references and index.</subfield>
   </datafield>
   <datafield ind1="0" ind2=" " tag="505">
      <subfield code="a">What is quantitative graph theory? / Matthias Dehmer, Veronika Kraus, Frank Emmert-Streib and Stefan Pickl -- Localization of graph topological indices via majorization technique / Monica Bianchi, Alessandra Cornaro, José Luis Palacios and Anna Torriero -- Wiener index of hexagonal chains with segments of equal length / Andrey A. Dobrynin -- Metric-extremal graphs / Ivan Gutman and Boris Furtula -- Quantitative methods for nowhere-zero flows and edge colorings / Martin Kochol -- Width-measures for directed graphs and algorithmic applications / Stephan Kreutzer and Sebastian Ordyniak -- Betweenness centrality in graphs / Silvia Gago, Jana Coroničová Hurajová and Tomáš Madaras -- On a variant Szeged and PI indices of Thorn graphs / Mojgan Mogharrab and Reza Sharafdini -- Wiener index of line graphs / Martin Knor and Riste Škrekovski -- Single-graph support measures / Toon Calders, Jan Ramon and Dries Van Dyck -- Network sampling algorithms and applications / Michael Drew LaMar and Rex K. Kincaid -- Discrimination of image textures using graph indices / Martin Welk -- Network analysis applied to the political networks of Mexico / Philip A. Sinclair -- Social network centrality, movement identification, and the participation of individuals in a social movement : the case of the Canadian environmental movement / David B. Tindall, Joanna L. Robinson and Mark C.J. Stoddart -- Graph kernels in chemoinformatics / Benoît Gaüzère, Luc Brun and Didier Villemin -- Chemical compound complexity in biological pathways / Atsuko Yamaguchi and Kiyoko F. Aoki-Kinoshita.</subfield>
   </datafield>
   <datafield ind1=" " ind2=" " tag="520">
      <subfield code="a">"This book presents methods for analyzing graphs and networks quantitatively. Incorporating interdisciplinary knowledge from graph theory, information theory, measurement theory, and statistical techniques, it covers a wide range of quantitative graph-theoretical concepts and methods, including those pertaining to random graphs. Through its broad coverage, the book fills a gap in the contemporary literature of discrete and applied mathematics, computer science, systems biology, and related disciplines"--</subfield>
      <subfield code="c">Provided by publisher.</subfield>
   </datafield>
   <datafield ind1=" " ind2=" " tag="596">
      <subfield code="a">44</subfield>
   </datafield>
   <datafield ind1=" " ind2="0" tag="650">
      <subfield code="a">Graph theory</subfield>
      <subfield code="x">Data processing.</subfield>
   </datafield>
   <datafield ind1=" " ind2="0" tag="650">
      <subfield code="a">Combinatorial analysis.</subfield>
   </datafield>
   <datafield ind1="1" ind2=" " tag="700">
      <subfield code="a">Dehmer, Matthias,</subfield>
      <subfield code="d">1968-</subfield>
      <subfield code="e">editor.</subfield>
   </datafield>
   <datafield ind1="1" ind2=" " tag="700">
      <subfield code="a">Emmert-Streib, Frank,</subfield>
      <subfield code="e">editor.</subfield>
   </datafield>
   <datafield ind1=" " ind2="0" tag="830">
      <subfield code="a">Discrete mathematics and its applications.</subfield>
   </datafield>
   <datafield ind1="4" ind2="0" tag="856">
      <subfield code="3">University of Alberta Access</subfield>
      <subfield code="u">http://marc.crcnetbase.com/isbn/9781466584525</subfield>
      <subfield code="z">(Unlimited Concurrent Users)</subfield>
   </datafield>
   <datafield ind1=" " ind2=" " tag="949">
      <subfield code="h">UAIN</subfield>
      <subfield code="z">CRC</subfield>
   </datafield>
   <datafield ind1=" " ind2=" " tag="926">
      <subfield code="a">Internet Access</subfield>
      <subfield code="w">LC</subfield>
      <subfield code="c">1</subfield>
      <subfield code="i">6748933-1001</subfield>
      <subfield code="l">INTERNET</subfield>
      <subfield code="m">UAINTERNET</subfield>
      <subfield code="r">Y</subfield>
      <subfield code="s">Y</subfield>
      <subfield code="t">E-RESOURCE</subfield>
      <subfield code="u">12/2/2014</subfield>
      <subfield code="x">E-BOOK</subfield>
      <subfield code="z">CRC</subfield>
   </datafield>
</record>
